@book {Huy,
    AUTHOR = {Huybrechts, Daniel},
     TITLE = {Complex geometry},
		SERIES = {Universitext},
			NOTE = {An introduction},
 PUBLISHER = {Springer-Verlag, Berlin},
      YEAR = {2005},
     PAGES = {xii+309},
      ISBN = {3-540-21290-6},
   MRCLASS = {32Qxx},
  MRNUMBER = {2093043 (2005h:32052)},
MRREVIEWER = {Richard P. Thomas},
}

@book {Mir,
    AUTHOR = {Miranda, Rick},
     TITLE = {Algebraic Curves and Riemann Surfaces},
		SERIES = {Graduate Studies in Mathematics},
		VOLUME = {5},
 PUBLISHER = {American Mathematical Society, Providence, RI},
      YEAR = {1995},
     PAGES = {xxii+390},
      ISBN = {0-8218-0268-2},
   MRCLASS = {14Hxx (14-01 30F99)},
  MRNUMBER = {1326604 (96f:14029)},
MRREVIEWER = {R. F. Lax},
			 DOI = {10.1090/gsm/005},
}

@book {Voi1,
    AUTHOR = {Voisin, Claire},
     TITLE = {Hodge Theory and Complex Algebraic Geometry I},
		SERIES = {Cambridge Studies in Advanced Mathematics},
		VOLUME = {76},
 PUBLISHER = {Cambdidge University Press},
      YEAR = {2002},
     PAGES = {ix+322},
}